%YAML 1.1
%TAG !u! tag:unity3d.com,2011:
--- !u!1001 &100100000
Prefab:
  m_ObjectHideFlags: 1
  serializedVersion: 2
  m_Modification:
    m_TransformParent: {fileID: 0}
    m_Modifications: []
    m_RemovedComponents: []
  m_ParentPrefab: {fileID: 0}
  m_RootGameObject: {fileID: 1275479549755834}
  m_IsPrefabParent: 1
--- !u!1 &1275479549755834
GameObject:
  m_ObjectHideFlags: 0
  m_PrefabParentObject: {fileID: 0}
  m_PrefabInternal: {fileID: 100100000}
  serializedVersion: 5
  m_Component:
  - component: {fileID: 4185332494467128}
  - component: {fileID: 114015373569907412}
  - component: {fileID: 114758078840082442}
  - component: {fileID: 114311713715122952}
  - component: {fileID: 114850617512870394}
  - component: {fileID: 114732111633224608}
  m_Layer: 0
  m_Name: OverallController
  m_TagString: Untagged
  m_Icon: {fileID: 0}
  m_NavMeshLayer: 0
  m_StaticEditorFlags: 0
  m_IsActive: 1
--- !u!4 &4185332494467128
Transform:
  m_ObjectHideFlags: 1
  m_PrefabParentObject: {fileID: 0}
  m_PrefabInternal: {fileID: 100100000}
  m_GameObject: {fileID: 1275479549755834}
  m_LocalRotation: {x: 0, y: 0, z: 0, w: 1}
  m_LocalPosition: {x: 0, y: 0, z: 0}
  m_LocalScale: {x: 1, y: 1, z: 1}
  m_Children: []
  m_Father: {fileID: 0}
  m_RootOrder: 0
  m_LocalEulerAnglesHint: {x: 0, y: 0, z: 0}
--- !u!114 &114015373569907412
MonoBehaviour:
  m_ObjectHideFlags: 1
  m_PrefabParentObject: {fileID: 0}
  m_PrefabInternal: {fileID: 100100000}
  m_GameObject: {fileID: 1275479549755834}
  m_Enabled: 1
  m_EditorHideFlags: 0
  m_Script: {fileID: 11500000, guid: 195e10cada63a5a4abd981d93c6a6670, type: 3}
  m_Name: 
  m_EditorClassIdentifier: 
--- !u!114 &114311713715122952
MonoBehaviour:
  m_ObjectHideFlags: 1
  m_PrefabParentObject: {fileID: 0}
  m_PrefabInternal: {fileID: 100100000}
  m_GameObject: {fileID: 1275479549755834}
  m_Enabled: 1
  m_EditorHideFlags: 0
  m_Script: {fileID: 11500000, guid: a96c250530027034ea42f99777ec044b, type: 3}
  m_Name: 
  m_EditorClassIdentifier: 
  ConnectionString: URI=file:Assets/StreamingAssets/rookiesmain.db
  Type: 0
--- !u!114 &114732111633224608
MonoBehaviour:
  m_ObjectHideFlags: 1
  m_PrefabParentObject: {fileID: 0}
  m_PrefabInternal: {fileID: 100100000}
  m_GameObject: {fileID: 1275479549755834}
  m_Enabled: 1
  m_EditorHideFlags: 0
  m_Script: {fileID: 11500000, guid: 688e0af8786d57149a6e9f07d3725942, type: 3}
  m_Name: 
  m_EditorClassIdentifier: 
  _PooledAmount: 5
  _CanGrow: 1
--- !u!114 &114758078840082442
MonoBehaviour:
  m_ObjectHideFlags: 1
  m_PrefabParentObject: {fileID: 0}
  m_PrefabInternal: {fileID: 100100000}
  m_GameObject: {fileID: 1275479549755834}
  m_Enabled: 1
  m_EditorHideFlags: 0
  m_Script: {fileID: 11500000, guid: 62f1e3646cf01434db865b39f0c3c024, type: 3}
  m_Name: 
  m_EditorClassIdentifier: 
--- !u!114 &114850617512870394
MonoBehaviour:
  m_ObjectHideFlags: 1
  m_PrefabParentObject: {fileID: 0}
  m_PrefabInternal: {fileID: 100100000}
  m_GameObject: {fileID: 1275479549755834}
  m_Enabled: 1
  m_EditorHideFlags: 0
  m_Script: {fileID: 11500000, guid: f0940c57cc9afb24eab9fcd43c45e8c3, type: 3}
  m_Name: 
  m_EditorClassIdentifier: 
  _masterMixer: {fileID: 24100000, guid: bfa4c3cb72782744496f1b95375938b7, type: 2}
  _BGMGroup: {fileID: 243867016047237838, guid: bfa4c3cb72782744496f1b95375938b7,
    type: 2}
  _SFXGroup: {fileID: 243096906949741056, guid: bfa4c3cb72782744496f1b95375938b7,
    type: 2}
  _BGMClips:
  - {fileID: 8300000, guid: 67a50ff28e669284fa3806e9cd8d4f15, type: 3}
  - {fileID: 8300000, guid: aaf1b9b71bf452347ad2145c518b2f53, type: 3}
  _SFXClips:
  - {fileID: 8300000, guid: 1af491db235d69a439209a46ff0f40b0, type: 3}
  - {fileID: 8300000, guid: 3e6e4aa33d7efe640bc5f446e8c9cdd8, type: 3}
  - {fileID: 8300000, guid: 159ccb8155e212f4a8cb6f4e86c258f5, type: 3}
  - {fileID: 8300000, guid: decb544910fbbcc419bbd105a3317c87, type: 3}
  - {fileID: 8300000, guid: 7560bf22690e9bd47b14424f8b0702d2, type: 3}
