%YAML 1.1
%TAG !u! tag:unity3d.com,2011:
--- !u!241 &24100000
AudioMixerController:
  m_ObjectHideFlags: 0
  m_PrefabParentObject: {fileID: 0}
  m_PrefabInternal: {fileID: 0}
  m_Name: MainMixer
  m_OutputGroup: {fileID: 0}
  m_MasterGroup: {fileID: 24300002}
  m_Snapshots:
  - {fileID: 24500006}
  m_StartSnapshot: {fileID: 24500006}
  m_SuspendThreshold: -80
  m_EnableSuspend: 1
  m_UpdateMode: 0
  m_ExposedParameters:
  - guid: 7417a35adc972d447b13dbcb8f0a86ad
    name: BGMVol
  - guid: 24bc3c4639bf58b49b01f7edce30f6a5
    name: MasterVol
  - guid: bce141d5e5cf154498e26100ea242a39
    name: SFXVol
  m_AudioMixerGroupViews:
  - guids:
    - 4dbeb8482135365428c4bf91c0d26947
    - e2cfee0d26646314facf8070ace9d642
    - cb16c578f9469c5428c54ad9e6777bed
    name: View
  m_CurrentViewIndex: 0
  m_TargetSnapshot: {fileID: 24500006}
--- !u!243 &24300002
AudioMixerGroupController:
  m_ObjectHideFlags: 0
  m_PrefabParentObject: {fileID: 0}
  m_PrefabInternal: {fileID: 0}
  m_Name: Master
  m_AudioMixer: {fileID: 24100000}
  m_GroupID: 4dbeb8482135365428c4bf91c0d26947
  m_Children:
  - {fileID: 243867016047237838}
  - {fileID: 243096906949741056}
  m_Volume: 24bc3c4639bf58b49b01f7edce30f6a5
  m_Pitch: a34d91ab1020a374cb082399714c51db
  m_Effects:
  - {fileID: 24400004}
  m_UserColorIndex: 0
  m_Mute: 0
  m_Solo: 0
  m_BypassEffects: 0
--- !u!244 &24400004
AudioMixerEffectController:
  m_ObjectHideFlags: 3
  m_PrefabParentObject: {fileID: 0}
  m_PrefabInternal: {fileID: 0}
  m_Name: 
  m_EffectID: 4f6afca8650165c42a0fadc7818b55ec
  m_EffectName: Attenuation
  m_MixLevel: f3230750e9a3be746b1e05aff3a6afb8
  m_Parameters: []
  m_SendTarget: {fileID: 0}
  m_EnableWetMix: 0
  m_Bypass: 0
--- !u!245 &24500006
AudioMixerSnapshotController:
  m_ObjectHideFlags: 0
  m_PrefabParentObject: {fileID: 0}
  m_PrefabInternal: {fileID: 0}
  m_Name: Snapshot
  m_AudioMixer: {fileID: 24100000}
  m_SnapshotID: 96b9b35959b66664abb5fd46f2577e05
  m_FloatValues:
    7417a35adc972d447b13dbcb8f0a86ad: -0.02577689
  m_TransitionOverrides: {}
--- !u!243 &243096906949741056
AudioMixerGroupController:
  m_ObjectHideFlags: 0
  m_PrefabParentObject: {fileID: 0}
  m_PrefabInternal: {fileID: 0}
  m_Name: SFX
  m_AudioMixer: {fileID: 24100000}
  m_GroupID: cb16c578f9469c5428c54ad9e6777bed
  m_Children: []
  m_Volume: bce141d5e5cf154498e26100ea242a39
  m_Pitch: f7d09f13303c2514f8e509054947b3a7
  m_Effects:
  - {fileID: 244106770714073770}
  m_UserColorIndex: 0
  m_Mute: 0
  m_Solo: 0
  m_BypassEffects: 0
--- !u!243 &243867016047237838
AudioMixerGroupController:
  m_ObjectHideFlags: 0
  m_PrefabParentObject: {fileID: 0}
  m_PrefabInternal: {fileID: 0}
  m_Name: BGM
  m_AudioMixer: {fileID: 24100000}
  m_GroupID: e2cfee0d26646314facf8070ace9d642
  m_Children: []
  m_Volume: 7417a35adc972d447b13dbcb8f0a86ad
  m_Pitch: 0782934d286030e45a4142b537c35830
  m_Effects:
  - {fileID: 244975819060660016}
  m_UserColorIndex: 0
  m_Mute: 0
  m_Solo: 0
  m_BypassEffects: 0
--- !u!244 &244106770714073770
AudioMixerEffectController:
  m_ObjectHideFlags: 3
  m_PrefabParentObject: {fileID: 0}
  m_PrefabInternal: {fileID: 0}
  m_Name: 
  m_EffectID: c06ba766af9ad3d4b9320d1fd54307c7
  m_EffectName: Attenuation
  m_MixLevel: 0c04f51ec19054143b58731a3c927201
  m_Parameters: []
  m_SendTarget: {fileID: 0}
  m_EnableWetMix: 0
  m_Bypass: 0
--- !u!244 &244975819060660016
AudioMixerEffectController:
  m_ObjectHideFlags: 3
  m_PrefabParentObject: {fileID: 0}
  m_PrefabInternal: {fileID: 0}
  m_Name: 
  m_EffectID: ab7696f9ee8af1b459426f822e5fca7a
  m_EffectName: Attenuation
  m_MixLevel: 88acb91bc7a596646bbddb3e845cb31e
  m_Parameters: []
  m_SendTarget: {fileID: 0}
  m_EnableWetMix: 0
  m_Bypass: 0
